@book{awodey2006category,
  title={Category Theory},
  author={Awodey, S.},
  isbn={9780191513824},
  series={Oxford Logic Guides},
  url={https://books.google.com/books?id=IK\_sIDI2TCwC},
  year={2006},
  publisher={Ebsco Publishing}
}


@incollection{Pitts:2000,
	Author = {A. M. Pitts},
	Booktitle = {Handbook of Logic in Computer Science, Volume 5. Algebraic and Logical Structures},
	Chapter = 2,
	Editor = {S. Abramsky and D. M. Gabbay and T. S. E. Maibaum},
	Pages = {39--128},
	Publisher = {Oxford University Press},
	Title = {Categorical Logic},
	Year = 2000}
